@book{Lamport:Book:1989,
 author = {Lamport, Leslie},
 title = {Latex: A Document Preparation System},
 year = {1986},
 isbn = {0-201-15790-X},
 publisher = {Addison-Wesley Longman Publishing Co., Inc.},
 address = {Boston, MA, USA},
}

@misc{Hinton:arXiv:2015:Distilling,
 title={Distilling the knowledge in a neural network},
 author={Hinton, Geoffrey and Vinyals, Oriol and Dean, Jeff},
 OPTeprinttype={arXiv},
 OPTeprint={1503.02531},
 howpublished={Eprint \href{http://arxiv.org/abs/1503.02531}{arXiv:1503.02531}},
 OPTurl={http://arxiv.org/abs/1503.02531},
 year=2015
}